<?xml version="1.0" encoding="UTF-8"?>

<!-- 
	We received this file as adempiere_2010422159184548652_107-Mittelrheintal_ZF1708_camt054esr.xml
	but renamed it for convenience
 -->
<Document xmlns="urn:iso:std:iso:20022:tech:xsd:camt.054.001.02">
   <BkToCstmrDbtCdtNtfctn>
      <GrpHdr>
         <MsgId>MSG-14220179793569867467923</MsgId>
         <CreDtTm>2017-09-01T07:58:19.636+02:00</CreDtTm>
         <MsgRcpt>
            <Nm>Romer René</Nm>
         </MsgRcpt>
         <MsgPgntn>
            <PgNb>1</PgNb>
            <LastPgInd>true</LastPgInd>
         </MsgPgntn>
         <AddtlInf>Productive</AddtlInf>
      </GrpHdr>
      <Ntfctn>
         <Id>STM-10782449793470963112020</Id>
         <ElctrncSeqNb>9793570963118650</ElctrncSeqNb>
         <CreDtTm>2017-09-01T07:58:20.732+02:00</CreDtTm>
         <FrToDt>
            <FrDtTm>2017-08-07T00:00:00.000+02:00</FrDtTm>
            <ToDtTm>2017-08-31T00:00:00.000+02:00</ToDtTm>
         </FrToDt>
         <Acct>
            <Id>
               <IBAN>CH8800781235500068407</IBAN>
            </Id>
            <Ownr>
               <Nm>Hauseigentümerverb. Mittelrheintal</Nm>
               <Id>
                  <PrvtId>
                     <Othr>
                        <Id>2208094</Id>
                     </Othr>
                  </PrvtId>
               </Id>
            </Ownr>
         </Acct>
         <TxsSummry>
            <TtlCdtNtries>
               <NbOfNtries>11</NbOfNtries>
               <Sum>1130</Sum>
            </TtlCdtNtries>
            <TtlNtriesPerBkTxCd>
               <NbOfNtries>11</NbOfNtries>
               <Sum>1130</Sum>
               <CdtDbtInd>CRDT</CdtDbtInd>
               <BkTxCd>
                  <Domn>
                     <Cd>PMNT</Cd>
                     <Fmly>
                        <Cd>IDDT</Cd>
                        <SubFmlyCd>PMDD</SubFmlyCd>
                     </Fmly>
                  </Domn>
               </BkTxCd>
            </TtlNtriesPerBkTxCd>
         </TxsSummry>
         <Ntry>
            <NtryRef>10015957</NtryRef>
            <Amt Ccy="CHF">53</Amt>
            <CdtDbtInd>CRDT</CdtDbtInd>
            <Sts>BOOK</Sts>
            <BookgDt>
               <Dt>2017-08-07+02:00</Dt>
            </BookgDt>
            <ValDt>
               <Dt>2017-08-07+02:00</Dt>
            </ValDt>
            <BkTxCd>
               <Domn>
                  <Cd>PMNT</Cd>
                  <Fmly>
                     <Cd>IDDT</Cd>
                     <SubFmlyCd>PMDD</SubFmlyCd>
                  </Fmly>
               </Domn>
            </BkTxCd>
            <Chrgs>
               <Amt Ccy="CHF">0</Amt>
            </Chrgs>
            <NtryDtls>
               <TxDtls>
                  <Refs>
                     <Prtry>
                        <Tp>01</Tp>
                        <Ref>752485115</Ref>
                     </Prtry>
                  </Refs>
                  <AmtDtls>
                     <InstdAmt>
                        <Amt Ccy="CHF">53</Amt>
                     </InstdAmt>
                  </AmtDtls>
                  <BkTxCd>
                     <Domn>
                        <Cd>PMNT</Cd>
                        <Fmly>
                           <Cd>RCDT</Cd>
                           <SubFmlyCd>VCOM</SubFmlyCd>
                        </Fmly>
                     </Domn>
                  </BkTxCd>
                  <Chrgs>
                     <Amt Ccy="CHF">0</Amt>
                  </Chrgs>
                  <RmtInf>
                     <Strd>
                        <CdtrRefInf>
                           <Tp>
                              <CdOrPrtry>
                                 <Prtry>ISR Reference</Prtry>
                              </CdOrPrtry>
                           </Tp>
                           <Ref>303343010701452388018179050</Ref>
                        </CdtrRefInf>
                        <AddtlRmtInf>REJECT?0</AddtlRmtInf>
                     </Strd>
                  </RmtInf>
                  <RltdDts>
                     <AccptncDtTm>2017-08-07T00:00:00.000+02:00</AccptncDtTm>
                  </RltdDts>
               </TxDtls>
            </NtryDtls>
         </Ntry>
         <Ntry>
            <NtryRef>10015957</NtryRef>
            <Amt Ccy="CHF">53</Amt>
            <CdtDbtInd>CRDT</CdtDbtInd>
            <Sts>BOOK</Sts>
            <BookgDt>
               <Dt>2017-08-11+02:00</Dt>
            </BookgDt>
            <ValDt>
               <Dt>2017-08-11+02:00</Dt>
            </ValDt>
            <BkTxCd>
               <Domn>
                  <Cd>PMNT</Cd>
                  <Fmly>
                     <Cd>IDDT</Cd>
                     <SubFmlyCd>PMDD</SubFmlyCd>
                  </Fmly>
               </Domn>
            </BkTxCd>
            <Chrgs>
               <Amt Ccy="CHF">0</Amt>
            </Chrgs>
            <NtryDtls>
               <TxDtls>
                  <Refs>
                     <Prtry>
                        <Tp>01</Tp>
                        <Ref>753215761</Ref>
                     </Prtry>
                  </Refs>
                  <AmtDtls>
                     <InstdAmt>
                        <Amt Ccy="CHF">53</Amt>
                     </InstdAmt>
                  </AmtDtls>
                  <BkTxCd>
                     <Domn>
                        <Cd>PMNT</Cd>
                        <Fmly>
                           <Cd>RCDT</Cd>
                           <SubFmlyCd>VCOM</SubFmlyCd>
                        </Fmly>
                     </Domn>
                  </BkTxCd>
                  <Chrgs>
                     <Amt Ccy="CHF">0</Amt>
                  </Chrgs>
                  <RmtInf>
                     <Strd>
                        <CdtrRefInf>
                           <Tp>
                              <CdOrPrtry>
                                 <Prtry>ISR Reference</Prtry>
                              </CdOrPrtry>
                           </Tp>
                           <Ref>303343010701536468018179814</Ref>
                        </CdtrRefInf>
                        <AddtlRmtInf>REJECT?0</AddtlRmtInf>
                     </Strd>
                  </RmtInf>
                  <RltdDts>
                     <AccptncDtTm>2017-08-11T00:00:00.000+02:00</AccptncDtTm>
                  </RltdDts>
               </TxDtls>
            </NtryDtls>
         </Ntry>
         <Ntry>
            <NtryRef>10015957</NtryRef>
            <Amt Ccy="CHF">154</Amt>
            <CdtDbtInd>CRDT</CdtDbtInd>
            <Sts>BOOK</Sts>
            <BookgDt>
               <Dt>2017-08-14+02:00</Dt>
            </BookgDt>
            <ValDt>
               <Dt>2017-08-14+02:00</Dt>
            </ValDt>
            <BkTxCd>
               <Domn>
                  <Cd>PMNT</Cd>
                  <Fmly>
                     <Cd>IDDT</Cd>
                     <SubFmlyCd>PMDD</SubFmlyCd>
                  </Fmly>
               </Domn>
            </BkTxCd>
            <Chrgs>
               <Amt Ccy="CHF">0</Amt>
            </Chrgs>
            <NtryDtls>
               <Btch>
                  <NbOfTxs>3</NbOfTxs>
               </Btch>
               <TxDtls>
                  <Refs>
                     <Prtry>
                        <Tp>01</Tp>
                        <Ref>753576802</Ref>
                     </Prtry>
                  </Refs>
                  <AmtDtls>
                     <InstdAmt>
                        <Amt Ccy="CHF">48</Amt>
                     </InstdAmt>
                  </AmtDtls>
                  <BkTxCd>
                     <Domn>
                        <Cd>PMNT</Cd>
                        <Fmly>
                           <Cd>RCDT</Cd>
                           <SubFmlyCd>VCOM</SubFmlyCd>
                        </Fmly>
                     </Domn>
                  </BkTxCd>
                  <Chrgs>
                     <Amt Ccy="CHF">0</Amt>
                  </Chrgs>
                  <RmtInf>
                     <Strd>
                        <CdtrRefInf>
                           <Tp>
                              <CdOrPrtry>
                                 <Prtry>ISR Reference</Prtry>
                              </CdOrPrtry>
                           </Tp>
                           <Ref>303343010701525763013850699</Ref>
                        </CdtrRefInf>
                        <AddtlRmtInf>REJECT?0</AddtlRmtInf>
                     </Strd>
                  </RmtInf>
                  <RltdDts>
                     <AccptncDtTm>2017-08-14T00:00:00.000+02:00</AccptncDtTm>
                  </RltdDts>
               </TxDtls>
               <TxDtls>
                  <Refs>
                     <Prtry>
                        <Tp>01</Tp>
                        <Ref>753588197</Ref>
                     </Prtry>
                  </Refs>
                  <AmtDtls>
                     <InstdAmt>
                        <Amt Ccy="CHF">53</Amt>
                     </InstdAmt>
                  </AmtDtls>
                  <BkTxCd>
                     <Domn>
                        <Cd>PMNT</Cd>
                        <Fmly>
                           <Cd>RCDT</Cd>
                           <SubFmlyCd>VCOM</SubFmlyCd>
                        </Fmly>
                     </Domn>
                  </BkTxCd>
                  <Chrgs>
                     <Amt Ccy="CHF">0</Amt>
                  </Chrgs>
                  <RmtInf>
                     <Strd>
                        <CdtrRefInf>
                           <Tp>
                              <CdOrPrtry>
                                 <Prtry>ISR Reference</Prtry>
                              </CdOrPrtry>
                           </Tp>
                           <Ref>303343010701453691018179346</Ref>
                        </CdtrRefInf>
                        <AddtlRmtInf>REJECT?0</AddtlRmtInf>
                     </Strd>
                  </RmtInf>
                  <RltdDts>
                     <AccptncDtTm>2017-08-14T00:00:00.000+02:00</AccptncDtTm>
                  </RltdDts>
               </TxDtls>
               <TxDtls>
                  <Refs>
                     <Prtry>
                        <Tp>01</Tp>
                        <Ref>753639631</Ref>
                     </Prtry>
                  </Refs>
                  <AmtDtls>
                     <InstdAmt>
                        <Amt Ccy="CHF">53</Amt>
                     </InstdAmt>
                  </AmtDtls>
                  <BkTxCd>
                     <Domn>
                        <Cd>PMNT</Cd>
                        <Fmly>
                           <Cd>RCDT</Cd>
                           <SubFmlyCd>VCOM</SubFmlyCd>
                        </Fmly>
                     </Domn>
                  </BkTxCd>
                  <Chrgs>
                     <Amt Ccy="CHF">0</Amt>
                  </Chrgs>
                  <RmtInf>
                     <Strd>
                        <CdtrRefInf>
                           <Tp>
                              <CdOrPrtry>
                                 <Prtry>ISR Reference</Prtry>
                              </CdOrPrtry>
                           </Tp>
                           <Ref>303343010700404239018172003</Ref>
                        </CdtrRefInf>
                        <AddtlRmtInf>REJECT?0</AddtlRmtInf>
                     </Strd>
                  </RmtInf>
                  <RltdDts>
                     <AccptncDtTm>2017-08-14T00:00:00.000+02:00</AccptncDtTm>
                  </RltdDts>
               </TxDtls>
            </NtryDtls>
         </Ntry>
         <Ntry>
            <NtryRef>10015957</NtryRef>
            <Amt Ccy="CHF">53</Amt>
            <CdtDbtInd>CRDT</CdtDbtInd>
            <Sts>BOOK</Sts>
            <BookgDt>
               <Dt>2017-08-16+02:00</Dt>
            </BookgDt>
            <ValDt>
               <Dt>2017-08-16+02:00</Dt>
            </ValDt>
            <BkTxCd>
               <Domn>
                  <Cd>PMNT</Cd>
                  <Fmly>
                     <Cd>IDDT</Cd>
                     <SubFmlyCd>PMDD</SubFmlyCd>
                  </Fmly>
               </Domn>
            </BkTxCd>
            <Chrgs>
               <Amt Ccy="CHF">0</Amt>
            </Chrgs>
            <NtryDtls>
               <TxDtls>
                  <Refs>
                     <Prtry>
                        <Tp>01</Tp>
                        <Ref>753901765</Ref>
                     </Prtry>
                  </Refs>
                  <AmtDtls>
                     <InstdAmt>
                        <Amt Ccy="CHF">53</Amt>
                     </InstdAmt>
                  </AmtDtls>
                  <BkTxCd>
                     <Domn>
                        <Cd>PMNT</Cd>
                        <Fmly>
                           <Cd>RCDT</Cd>
                           <SubFmlyCd>VCOM</SubFmlyCd>
                        </Fmly>
                     </Domn>
                  </BkTxCd>
                  <Chrgs>
                     <Amt Ccy="CHF">0</Amt>
                  </Chrgs>
                  <RmtInf>
                     <Strd>
                        <CdtrRefInf>
                           <Tp>
                              <CdOrPrtry>
                                 <Prtry>ISR Reference</Prtry>
                              </CdOrPrtry>
                           </Tp>
                           <Ref>303343010700273447018170064</Ref>
                        </CdtrRefInf>
                        <AddtlRmtInf>REJECT?0</AddtlRmtInf>
                     </Strd>
                  </RmtInf>
                  <RltdDts>
                     <AccptncDtTm>2017-08-16T00:00:00.000+02:00</AccptncDtTm>
                  </RltdDts>
               </TxDtls>
            </NtryDtls>
         </Ntry>
         <Ntry>
            <NtryRef>10015957</NtryRef>
            <Amt Ccy="CHF">53</Amt>
            <CdtDbtInd>CRDT</CdtDbtInd>
            <Sts>BOOK</Sts>
            <BookgDt>
               <Dt>2017-08-17+02:00</Dt>
            </BookgDt>
            <ValDt>
               <Dt>2017-08-17+02:00</Dt>
            </ValDt>
            <BkTxCd>
               <Domn>
                  <Cd>PMNT</Cd>
                  <Fmly>
                     <Cd>IDDT</Cd>
                     <SubFmlyCd>PMDD</SubFmlyCd>
                  </Fmly>
               </Domn>
            </BkTxCd>
            <Chrgs>
               <Amt Ccy="CHF">0</Amt>
            </Chrgs>
            <NtryDtls>
               <TxDtls>
                  <Refs>
                     <Prtry>
                        <Tp>01</Tp>
                        <Ref>754067028</Ref>
                     </Prtry>
                  </Refs>
                  <AmtDtls>
                     <InstdAmt>
                        <Amt Ccy="CHF">53</Amt>
                     </InstdAmt>
                  </AmtDtls>
                  <BkTxCd>
                     <Domn>
                        <Cd>PMNT</Cd>
                        <Fmly>
                           <Cd>RCDT</Cd>
                           <SubFmlyCd>VCOM</SubFmlyCd>
                        </Fmly>
                     </Domn>
                  </BkTxCd>
                  <Chrgs>
                     <Amt Ccy="CHF">0</Amt>
                  </Chrgs>
                  <RmtInf>
                     <Strd>
                        <CdtrRefInf>
                           <Tp>
                              <CdOrPrtry>
                                 <Prtry>ISR Reference</Prtry>
                              </CdOrPrtry>
                           </Tp>
                           <Ref>303343010700288743018170301</Ref>
                        </CdtrRefInf>
                        <AddtlRmtInf>REJECT?0</AddtlRmtInf>
                     </Strd>
                  </RmtInf>
                  <RltdDts>
                     <AccptncDtTm>2017-08-17T00:00:00.000+02:00</AccptncDtTm>
                  </RltdDts>
               </TxDtls>
            </NtryDtls>
         </Ntry>
         <Ntry>
            <NtryRef>10015957</NtryRef>
            <Amt Ccy="CHF">106</Amt>
            <CdtDbtInd>CRDT</CdtDbtInd>
            <Sts>BOOK</Sts>
            <BookgDt>
               <Dt>2017-08-18+02:00</Dt>
            </BookgDt>
            <ValDt>
               <Dt>2017-08-18+02:00</Dt>
            </ValDt>
            <BkTxCd>
               <Domn>
                  <Cd>PMNT</Cd>
                  <Fmly>
                     <Cd>IDDT</Cd>
                     <SubFmlyCd>PMDD</SubFmlyCd>
                  </Fmly>
               </Domn>
            </BkTxCd>
            <Chrgs>
               <Amt Ccy="CHF">0</Amt>
            </Chrgs>
            <NtryDtls>
               <Btch>
                  <NbOfTxs>2</NbOfTxs>
               </Btch>
               <TxDtls>
                  <Refs>
                     <Prtry>
                        <Tp>01</Tp>
                        <Ref>754253274</Ref>
                     </Prtry>
                  </Refs>
                  <AmtDtls>
                     <InstdAmt>
                        <Amt Ccy="CHF">53</Amt>
                     </InstdAmt>
                  </AmtDtls>
                  <BkTxCd>
                     <Domn>
                        <Cd>PMNT</Cd>
                        <Fmly>
                           <Cd>RCDT</Cd>
                           <SubFmlyCd>VCOM</SubFmlyCd>
                        </Fmly>
                     </Domn>
                  </BkTxCd>
                  <Chrgs>
                     <Amt Ccy="CHF">0</Amt>
                  </Chrgs>
                  <RmtInf>
                     <Strd>
                        <CdtrRefInf>
                           <Tp>
                              <CdOrPrtry>
                                 <Prtry>ISR Reference</Prtry>
                              </CdOrPrtry>
                           </Tp>
                           <Ref>303343010701452334018179023</Ref>
                        </CdtrRefInf>
                        <AddtlRmtInf>REJECT?0</AddtlRmtInf>
                     </Strd>
                  </RmtInf>
                  <RltdDts>
                     <AccptncDtTm>2017-08-18T00:00:00.000+02:00</AccptncDtTm>
                  </RltdDts>
               </TxDtls>
               <TxDtls>
                  <Refs>
                     <Prtry>
                        <Tp>01</Tp>
                        <Ref>754324491</Ref>
                     </Prtry>
                  </Refs>
                  <AmtDtls>
                     <InstdAmt>
                        <Amt Ccy="CHF">53</Amt>
                     </InstdAmt>
                  </AmtDtls>
                  <BkTxCd>
                     <Domn>
                        <Cd>PMNT</Cd>
                        <Fmly>
                           <Cd>RCDT</Cd>
                           <SubFmlyCd>VCOM</SubFmlyCd>
                        </Fmly>
                     </Domn>
                  </BkTxCd>
                  <Chrgs>
                     <Amt Ccy="CHF">0</Amt>
                  </Chrgs>
                  <RmtInf>
                     <Strd>
                        <CdtrRefInf>
                           <Tp>
                              <CdOrPrtry>
                                 <Prtry>ISR Reference</Prtry>
                              </CdOrPrtry>
                           </Tp>
                           <Ref>303343010700032926018165931</Ref>
                        </CdtrRefInf>
                        <AddtlRmtInf>REJECT?0</AddtlRmtInf>
                     </Strd>
                  </RmtInf>
                  <RltdDts>
                     <AccptncDtTm>2017-08-18T00:00:00.000+02:00</AccptncDtTm>
                  </RltdDts>
               </TxDtls>
            </NtryDtls>
         </Ntry>
         <Ntry>
            <NtryRef>10015957</NtryRef>
            <Amt Ccy="CHF">212</Amt>
            <CdtDbtInd>CRDT</CdtDbtInd>
            <Sts>BOOK</Sts>
            <BookgDt>
               <Dt>2017-08-21+02:00</Dt>
            </BookgDt>
            <ValDt>
               <Dt>2017-08-21+02:00</Dt>
            </ValDt>
            <BkTxCd>
               <Domn>
                  <Cd>PMNT</Cd>
                  <Fmly>
                     <Cd>IDDT</Cd>
                     <SubFmlyCd>PMDD</SubFmlyCd>
                  </Fmly>
               </Domn>
            </BkTxCd>
            <Chrgs>
               <Amt Ccy="CHF">0</Amt>
            </Chrgs>
            <NtryDtls>
               <Btch>
                  <NbOfTxs>4</NbOfTxs>
               </Btch>
               <TxDtls>
                  <Refs>
                     <Prtry>
                        <Tp>01</Tp>
                        <Ref>754592643</Ref>
                     </Prtry>
                  </Refs>
                  <AmtDtls>
                     <InstdAmt>
                        <Amt Ccy="CHF">53</Amt>
                     </InstdAmt>
                  </AmtDtls>
                  <BkTxCd>
                     <Domn>
                        <Cd>PMNT</Cd>
                        <Fmly>
                           <Cd>RCDT</Cd>
                           <SubFmlyCd>VCOM</SubFmlyCd>
                        </Fmly>
                     </Domn>
                  </BkTxCd>
                  <Chrgs>
                     <Amt Ccy="CHF">0</Amt>
                  </Chrgs>
                  <RmtInf>
                     <Strd>
                        <CdtrRefInf>
                           <Tp>
                              <CdOrPrtry>
                                 <Prtry>ISR Reference</Prtry>
                              </CdOrPrtry>
                           </Tp>
                           <Ref>303343010701452799018179261</Ref>
                        </CdtrRefInf>
                        <AddtlRmtInf>REJECT?0</AddtlRmtInf>
                     </Strd>
                  </RmtInf>
                  <RltdDts>
                     <AccptncDtTm>2017-08-21T00:00:00.000+02:00</AccptncDtTm>
                  </RltdDts>
               </TxDtls>
               <TxDtls>
                  <Refs>
                     <Prtry>
                        <Tp>01</Tp>
                        <Ref>754606969</Ref>
                     </Prtry>
                  </Refs>
                  <AmtDtls>
                     <InstdAmt>
                        <Amt Ccy="CHF">53</Amt>
                     </InstdAmt>
                  </AmtDtls>
                  <BkTxCd>
                     <Domn>
                        <Cd>PMNT</Cd>
                        <Fmly>
                           <Cd>RCDT</Cd>
                           <SubFmlyCd>VCOM</SubFmlyCd>
                        </Fmly>
                     </Domn>
                  </BkTxCd>
                  <Chrgs>
                     <Amt Ccy="CHF">0</Amt>
                  </Chrgs>
                  <RmtInf>
                     <Strd>
                        <CdtrRefInf>
                           <Tp>
                              <CdOrPrtry>
                                 <Prtry>ISR Reference</Prtry>
                              </CdOrPrtry>
                           </Tp>
                           <Ref>303343010700343184018757860</Ref>
                        </CdtrRefInf>
                        <AddtlRmtInf>REJECT?0</AddtlRmtInf>
                     </Strd>
                  </RmtInf>
                  <RltdDts>
                     <AccptncDtTm>2017-08-21T00:00:00.000+02:00</AccptncDtTm>
                  </RltdDts>
               </TxDtls>
               <TxDtls>
                  <Refs>
                     <Prtry>
                        <Tp>01</Tp>
                        <Ref>754609650</Ref>
                     </Prtry>
                  </Refs>
                  <AmtDtls>
                     <InstdAmt>
                        <Amt Ccy="CHF">53</Amt>
                     </InstdAmt>
                  </AmtDtls>
                  <BkTxCd>
                     <Domn>
                        <Cd>PMNT</Cd>
                        <Fmly>
                           <Cd>RCDT</Cd>
                           <SubFmlyCd>VCOM</SubFmlyCd>
                        </Fmly>
                     </Domn>
                  </BkTxCd>
                  <Chrgs>
                     <Amt Ccy="CHF">0</Amt>
                  </Chrgs>
                  <RmtInf>
                     <Strd>
                        <CdtrRefInf>
                           <Tp>
                              <CdOrPrtry>
                                 <Prtry>ISR Reference</Prtry>
                              </CdOrPrtry>
                           </Tp>
                           <Ref>303343010700588999018173055</Ref>
                        </CdtrRefInf>
                        <AddtlRmtInf>REJECT?0</AddtlRmtInf>
                     </Strd>
                  </RmtInf>
                  <RltdDts>
                     <AccptncDtTm>2017-08-21T00:00:00.000+02:00</AccptncDtTm>
                  </RltdDts>
               </TxDtls>
               <TxDtls>
                  <Refs>
                     <Prtry>
                        <Tp>01</Tp>
                        <Ref>754610805</Ref>
                     </Prtry>
                  </Refs>
                  <AmtDtls>
                     <InstdAmt>
                        <Amt Ccy="CHF">53</Amt>
                     </InstdAmt>
                  </AmtDtls>
                  <BkTxCd>
                     <Domn>
                        <Cd>PMNT</Cd>
                        <Fmly>
                           <Cd>RCDT</Cd>
                           <SubFmlyCd>VCOM</SubFmlyCd>
                        </Fmly>
                     </Domn>
                  </BkTxCd>
                  <Chrgs>
                     <Amt Ccy="CHF">0</Amt>
                  </Chrgs>
                  <RmtInf>
                     <Strd>
                        <CdtrRefInf>
                           <Tp>
                              <CdOrPrtry>
                                 <Prtry>ISR Reference</Prtry>
                              </CdOrPrtry>
                           </Tp>
                           <Ref>303343010701453691018179346</Ref>
                        </CdtrRefInf>
                        <AddtlRmtInf>REJECT?0</AddtlRmtInf>
                     </Strd>
                  </RmtInf>
                  <RltdDts>
                     <AccptncDtTm>2017-08-21T00:00:00.000+02:00</AccptncDtTm>
                  </RltdDts>
               </TxDtls>
            </NtryDtls>
         </Ntry>
         <Ntry>
            <NtryRef>10015957</NtryRef>
            <Amt Ccy="CHF">53</Amt>
            <CdtDbtInd>CRDT</CdtDbtInd>
            <Sts>BOOK</Sts>
            <BookgDt>
               <Dt>2017-08-22+02:00</Dt>
            </BookgDt>
            <ValDt>
               <Dt>2017-08-22+02:00</Dt>
            </ValDt>
            <BkTxCd>
               <Domn>
                  <Cd>PMNT</Cd>
                  <Fmly>
                     <Cd>IDDT</Cd>
                     <SubFmlyCd>PMDD</SubFmlyCd>
                  </Fmly>
               </Domn>
            </BkTxCd>
            <Chrgs>
               <Amt Ccy="CHF">0</Amt>
            </Chrgs>
            <NtryDtls>
               <TxDtls>
                  <Refs>
                     <Prtry>
                        <Tp>01</Tp>
                        <Ref>754805629</Ref>
                     </Prtry>
                  </Refs>
                  <AmtDtls>
                     <InstdAmt>
                        <Amt Ccy="CHF">53</Amt>
                     </InstdAmt>
                  </AmtDtls>
                  <BkTxCd>
                     <Domn>
                        <Cd>PMNT</Cd>
                        <Fmly>
                           <Cd>RCDT</Cd>
                           <SubFmlyCd>VCOM</SubFmlyCd>
                        </Fmly>
                     </Domn>
                  </BkTxCd>
                  <Chrgs>
                     <Amt Ccy="CHF">0</Amt>
                  </Chrgs>
                  <RmtInf>
                     <Strd>
                        <CdtrRefInf>
                           <Tp>
                              <CdOrPrtry>
                                 <Prtry>ISR Reference</Prtry>
                              </CdOrPrtry>
                           </Tp>
                           <Ref>303343010701196665018175168</Ref>
                        </CdtrRefInf>
                        <AddtlRmtInf>REJECT?0</AddtlRmtInf>
                     </Strd>
                  </RmtInf>
                  <RltdDts>
                     <AccptncDtTm>2017-08-22T00:00:00.000+02:00</AccptncDtTm>
                  </RltdDts>
               </TxDtls>
            </NtryDtls>
         </Ntry>
         <Ntry>
            <NtryRef>10015957</NtryRef>
            <Amt Ccy="CHF">181</Amt>
            <CdtDbtInd>CRDT</CdtDbtInd>
            <Sts>BOOK</Sts>
            <BookgDt>
               <Dt>2017-08-28+02:00</Dt>
            </BookgDt>
            <ValDt>
               <Dt>2017-08-28+02:00</Dt>
            </ValDt>
            <BkTxCd>
               <Domn>
                  <Cd>PMNT</Cd>
                  <Fmly>
                     <Cd>IDDT</Cd>
                     <SubFmlyCd>PMDD</SubFmlyCd>
                  </Fmly>
               </Domn>
            </BkTxCd>
            <Chrgs>
               <Amt Ccy="CHF">0</Amt>
            </Chrgs>
            <NtryDtls>
               <Btch>
                  <NbOfTxs>3</NbOfTxs>
               </Btch>
               <TxDtls>
                  <Refs>
                     <Prtry>
                        <Tp>01</Tp>
                        <Ref>756083423</Ref>
                     </Prtry>
                  </Refs>
                  <AmtDtls>
                     <InstdAmt>
                        <Amt Ccy="CHF">53</Amt>
                     </InstdAmt>
                  </AmtDtls>
                  <BkTxCd>
                     <Domn>
                        <Cd>PMNT</Cd>
                        <Fmly>
                           <Cd>RCDT</Cd>
                           <SubFmlyCd>VCOM</SubFmlyCd>
                        </Fmly>
                     </Domn>
                  </BkTxCd>
                  <Chrgs>
                     <Amt Ccy="CHF">0</Amt>
                  </Chrgs>
                  <RmtInf>
                     <Strd>
                        <CdtrRefInf>
                           <Tp>
                              <CdOrPrtry>
                                 <Prtry>ISR Reference</Prtry>
                              </CdOrPrtry>
                           </Tp>
                           <Ref>303343010702124510018181354</Ref>
                        </CdtrRefInf>
                        <AddtlRmtInf>REJECT?0</AddtlRmtInf>
                     </Strd>
                  </RmtInf>
                  <RltdDts>
                     <AccptncDtTm>2017-08-28T00:00:00.000+02:00</AccptncDtTm>
                  </RltdDts>
               </TxDtls>
               <TxDtls>
                  <Refs>
                     <Prtry>
                        <Tp>01</Tp>
                        <Ref>756161656</Ref>
                     </Prtry>
                  </Refs>
                  <AmtDtls>
                     <InstdAmt>
                        <Amt Ccy="CHF">75</Amt>
                     </InstdAmt>
                  </AmtDtls>
                  <BkTxCd>
                     <Domn>
                        <Cd>PMNT</Cd>
                        <Fmly>
                           <Cd>RCDT</Cd>
                           <SubFmlyCd>VCOM</SubFmlyCd>
                        </Fmly>
                     </Domn>
                  </BkTxCd>
                  <Chrgs>
                     <Amt Ccy="CHF">0</Amt>
                  </Chrgs>
                  <RmtInf>
                     <Strd>
                        <CdtrRefInf>
                           <Tp>
                              <CdOrPrtry>
                                 <Prtry>ISR Reference</Prtry>
                              </CdOrPrtry>
                           </Tp>
                           <Ref>303343010702174859018919679</Ref>
                        </CdtrRefInf>
                        <AddtlRmtInf>REJECT?0</AddtlRmtInf>
                     </Strd>
                  </RmtInf>
                  <RltdDts>
                     <AccptncDtTm>2017-08-28T00:00:00.000+02:00</AccptncDtTm>
                  </RltdDts>
               </TxDtls>
               <TxDtls>
                  <Refs>
                     <Prtry>
                        <Tp>01</Tp>
                        <Ref>756244185</Ref>
                     </Prtry>
                  </Refs>
                  <AmtDtls>
                     <InstdAmt>
                        <Amt Ccy="CHF">53</Amt>
                     </InstdAmt>
                  </AmtDtls>
                  <BkTxCd>
                     <Domn>
                        <Cd>PMNT</Cd>
                        <Fmly>
                           <Cd>RCDT</Cd>
                           <SubFmlyCd>VCOM</SubFmlyCd>
                        </Fmly>
                     </Domn>
                  </BkTxCd>
                  <Chrgs>
                     <Amt Ccy="CHF">0</Amt>
                  </Chrgs>
                  <RmtInf>
                     <Strd>
                        <CdtrRefInf>
                           <Tp>
                              <CdOrPrtry>
                                 <Prtry>ISR Reference</Prtry>
                              </CdOrPrtry>
                           </Tp>
                           <Ref>303343010700360975018171680</Ref>
                        </CdtrRefInf>
                        <AddtlRmtInf>REJECT?0</AddtlRmtInf>
                     </Strd>
                  </RmtInf>
                  <RltdDts>
                     <AccptncDtTm>2017-08-28T00:00:00.000+02:00</AccptncDtTm>
                  </RltdDts>
               </TxDtls>
            </NtryDtls>
         </Ntry>
         <Ntry>
            <NtryRef>10015957</NtryRef>
            <Amt Ccy="CHF">53</Amt>
            <CdtDbtInd>CRDT</CdtDbtInd>
            <Sts>BOOK</Sts>
            <BookgDt>
               <Dt>2017-08-29+02:00</Dt>
            </BookgDt>
            <ValDt>
               <Dt>2017-08-29+02:00</Dt>
            </ValDt>
            <BkTxCd>
               <Domn>
                  <Cd>PMNT</Cd>
                  <Fmly>
                     <Cd>IDDT</Cd>
                     <SubFmlyCd>PMDD</SubFmlyCd>
                  </Fmly>
               </Domn>
            </BkTxCd>
            <Chrgs>
               <Amt Ccy="CHF">0</Amt>
            </Chrgs>
            <NtryDtls>
               <TxDtls>
                  <Refs>
                     <Prtry>
                        <Tp>01</Tp>
                        <Ref>756470353</Ref>
                     </Prtry>
                  </Refs>
                  <AmtDtls>
                     <InstdAmt>
                        <Amt Ccy="CHF">53</Amt>
                     </InstdAmt>
                  </AmtDtls>
                  <BkTxCd>
                     <Domn>
                        <Cd>PMNT</Cd>
                        <Fmly>
                           <Cd>RCDT</Cd>
                           <SubFmlyCd>VCOM</SubFmlyCd>
                        </Fmly>
                     </Domn>
                  </BkTxCd>
                  <Chrgs>
                     <Amt Ccy="CHF">0</Amt>
                  </Chrgs>
                  <RmtInf>
                     <Strd>
                        <CdtrRefInf>
                           <Tp>
                              <CdOrPrtry>
                                 <Prtry>ISR Reference</Prtry>
                              </CdOrPrtry>
                           </Tp>
                           <Ref>303343010702167441018165540</Ref>
                        </CdtrRefInf>
                        <AddtlRmtInf>REJECT?0</AddtlRmtInf>
                     </Strd>
                  </RmtInf>
                  <RltdDts>
                     <AccptncDtTm>2017-08-29T00:00:00.000+02:00</AccptncDtTm>
                  </RltdDts>
               </TxDtls>
            </NtryDtls>
         </Ntry>
         <Ntry>
            <NtryRef>10015957</NtryRef>
            <Amt Ccy="CHF">159</Amt>
            <CdtDbtInd>CRDT</CdtDbtInd>
            <Sts>BOOK</Sts>
            <BookgDt>
               <Dt>2017-08-31+02:00</Dt>
            </BookgDt>
            <ValDt>
               <Dt>2017-08-31+02:00</Dt>
            </ValDt>
            <BkTxCd>
               <Domn>
                  <Cd>PMNT</Cd>
                  <Fmly>
                     <Cd>IDDT</Cd>
                     <SubFmlyCd>PMDD</SubFmlyCd>
                  </Fmly>
               </Domn>
            </BkTxCd>
            <Chrgs>
               <Amt Ccy="CHF">1.2</Amt>
            </Chrgs>
            <NtryDtls>
               <Btch>
                  <NbOfTxs>3</NbOfTxs>
               </Btch>
               <TxDtls>
                  <Refs>
                     <Prtry>
                        <Tp>01</Tp>
                        <Ref>756920563</Ref>
                     </Prtry>
                  </Refs>
                  <AmtDtls>
                     <InstdAmt>
                        <Amt Ccy="CHF">53</Amt>
                     </InstdAmt>
                  </AmtDtls>
                  <BkTxCd>
                     <Domn>
                        <Cd>PMNT</Cd>
                        <Fmly>
                           <Cd>RCDT</Cd>
                           <SubFmlyCd>VCOM</SubFmlyCd>
                        </Fmly>
                     </Domn>
                  </BkTxCd>
                  <Chrgs>
                     <Amt Ccy="CHF">1.2</Amt>
                  </Chrgs>
                  <RmtInf>
                     <Strd>
                        <CdtrRefInf>
                           <Tp>
                              <CdOrPrtry>
                                 <Prtry>ISR Reference</Prtry>
                              </CdOrPrtry>
                           </Tp>
                           <Ref>303343010702159843018183828</Ref>
                        </CdtrRefInf>
                        <AddtlRmtInf>REJECT?0</AddtlRmtInf>
                     </Strd>
                  </RmtInf>
                  <RltdDts>
                     <AccptncDtTm>2017-08-31T00:00:00.000+02:00</AccptncDtTm>
                  </RltdDts>
               </TxDtls>
               <TxDtls>
                  <Refs>
                     <Prtry>
                        <Tp>01</Tp>
                        <Ref>757008780</Ref>
                     </Prtry>
                  </Refs>
                  <AmtDtls>
                     <InstdAmt>
                        <Amt Ccy="CHF">53</Amt>
                     </InstdAmt>
                  </AmtDtls>
                  <BkTxCd>
                     <Domn>
                        <Cd>PMNT</Cd>
                        <Fmly>
                           <Cd>RCDT</Cd>
                           <SubFmlyCd>VCOM</SubFmlyCd>
                        </Fmly>
                     </Domn>
                  </BkTxCd>
                  <Chrgs>
                     <Amt Ccy="CHF">0</Amt>
                  </Chrgs>
                  <RmtInf>
                     <Strd>
                        <CdtrRefInf>
                           <Tp>
                              <CdOrPrtry>
                                 <Prtry>ISR Reference</Prtry>
                              </CdOrPrtry>
                           </Tp>
                           <Ref>303343010700343297018171338</Ref>
                        </CdtrRefInf>
                        <AddtlRmtInf>REJECT?0</AddtlRmtInf>
                     </Strd>
                  </RmtInf>
                  <RltdDts>
                     <AccptncDtTm>2017-08-31T00:00:00.000+02:00</AccptncDtTm>
                  </RltdDts>
               </TxDtls>
               <TxDtls>
                  <Refs>
                     <Prtry>
                        <Tp>01</Tp>
                        <Ref>757010029</Ref>
                     </Prtry>
                  </Refs>
                  <AmtDtls>
                     <InstdAmt>
                        <Amt Ccy="CHF">53</Amt>
                     </InstdAmt>
                  </AmtDtls>
                  <BkTxCd>
                     <Domn>
                        <Cd>PMNT</Cd>
                        <Fmly>
                           <Cd>RCDT</Cd>
                           <SubFmlyCd>VCOM</SubFmlyCd>
                        </Fmly>
                     </Domn>
                  </BkTxCd>
                  <Chrgs>
                     <Amt Ccy="CHF">0</Amt>
                  </Chrgs>
                  <RmtInf>
                     <Strd>
                        <CdtrRefInf>
                           <Tp>
                              <CdOrPrtry>
                                 <Prtry>ISR Reference</Prtry>
                              </CdOrPrtry>
                           </Tp>
                           <Ref>303343010702161167018184100</Ref>
                        </CdtrRefInf>
                        <AddtlRmtInf>REJECT?0</AddtlRmtInf>
                     </Strd>
                  </RmtInf>
                  <RltdDts>
                     <AccptncDtTm>2017-08-31T00:00:00.000+02:00</AccptncDtTm>
                  </RltdDts>
               </TxDtls>
            </NtryDtls>
         </Ntry>
      </Ntfctn>
   </BkToCstmrDbtCdtNtfctn>
</Document>