<?xml version="1.0" encoding="UTF-8"?>
<Document xmlns:xsi="http://www.w3.org/2001/XMLSchema-instance"
	xmlns="urn:iso:std:iso:20022:tech:xsd:pain.008.001.02">
	<CstmrDrctDbtInitn>
		<GrpHdr>
			<MsgId>TEST-20140107112528-LDnRemW</MsgId>
			<CreDtTm>2014-01-07T11:25:28</CreDtTm>
			<NbOfTxs>1</NbOfTxs>
			<CtrlSum>100.00</CtrlSum>
			<InitgPty>
				<Nm>IekiVUEjxAlAHYx+yBBjJE8fB</Nm>
			</InitgPty>
		</GrpHdr>
		<PmtInf>
			<PmtInfId>TEST-20140107112528-LDnRemW-1</PmtInfId>
			<PmtMtd>DD</PmtMtd>
			<NbOfTxs>1</NbOfTxs>
			<CtrlSum>100.00</CtrlSum>
			<PmtTpInf>
				<SvcLvl>
					<Cd>SEPA</Cd>
				</SvcLvl>
				<LclInstrm>
					<Cd>CORE</Cd>
				</LclInstrm>
				<SeqTp>OOFF</SeqTp>
			</PmtTpInf>
			<ReqdColltnDt>2014-01-07</ReqdColltnDt>
			<Cdtr>
				<Nm>IekiVUEjxAlAHYx+yBBjJE8fB</Nm>
				<PstlAdr>
					<Ctry>NL</Ctry>
				</PstlAdr>
			</Cdtr>
			<CdtrAcct>
				<Id>
					<IBAN>NL31INGB0000000044</IBAN>
				</Id>
			</CdtrAcct>
			<CdtrAgt>
				<FinInstnId>
					<BIC>INGBNL2A</BIC>
				</FinInstnId>
			</CdtrAgt>
			<ChrgBr>SLEV</ChrgBr>
			<DrctDbtTxInf>
				<PmtId>
					<EndToEndId>TEST-20140107112528-LDnRemW-1-0001</EndToEndId>
				</PmtId>
				<InstdAmt Ccy="EUR">100.00</InstdAmt>
				<DrctDbtTx>
					<MndtRltdInf>
						<AmdmntInd>false</AmdmntInd>
					</MndtRltdInf>
				</DrctDbtTx>
				<DbtrAgt>
					<FinInstnId>
						<BIC>INGBNL2A</BIC>
					</FinInstnId>
				</DbtrAgt>
				<Dbtr>
					<Nm>TestData</Nm>
					<PstlAdr>
						<Ctry>NL</Ctry>
						<AdrLine>Test Address 12</AdrLine>
						<AdrLine>555 test</AdrLine>
					</PstlAdr>
				</Dbtr>
				<DbtrAcct>
					<Id>
						<IBAN>NL31INGB0000000044</IBAN>
					</Id>
				</DbtrAcct>
				<RmtInf>
					<Ustrd>Test description</Ustrd>
				</RmtInf>
			</DrctDbtTxInf>
		</PmtInf>
	</CstmrDrctDbtInitn>
</Document>